1997 3094
195 187 262 250 58
875 191 1163 236 ANDRJA.

361 328 456 368 Ver.
476 330 551 379 481
586 327 639 367 ad
667 329 747 378 484
776 325 987 366 bacchiaci
1015 326 1236 366 tetrametri
1267 326 1481 366 acatalecti

390 427 415 445 ,,
472 397 550 447 485
581 396 781 435 iambicus
810 395 982 434 dimeter
1011 394 1271 434 catalecticus

390 495 416 514 „
475 464 555 516 486
584 463 782 503 iambicus
811 463 986 502 senarius

390 564 415 582 ,,
473 533 550 584 487
581 533 633 571 ad
662 532 741 583 496
770 531 937 571 iambici
966 531 1163 570 octonarii

407 633 416 650 ‚
476 611 554 653 497
585 606 625 641 et
654 602 733 652 498
759 600 926 639 iambici
956 600 1100 639 senarii

389 701 414 720 „
472 683 551 722 499
580 671 633 709 ad
663 681 738 720 505
769 669 936 708 iambici
967 670 1164 708 octonarii

392 770 418 788 ,,
477 738 555 788 506
583 738 784 777 iambicus
812 739 1062 789 septenarius

392 839 418 857 „
478 816 554 857 507
584 808 637 847 ad
668 819 744 858 509
775 807 941 845 iambici
971 807 1167 846 octonarii

389 908 416 925 ‚‚
476 888 553 925 510
585 877 637 915 ad
668 888 743 926 515
776 875 971 915 trochaici
1002 875 1216 927 septenarii

411 976 420 993 ‚
478 954 554 995 517
585 945 814 985 trochaicus
843 944 1012 984 dimeter
1041 945 1299 983 catalecticus

395 1043 420 1062 ,‚
479 1015 555 1063 518
585 1014 638 1052 ad
671 1025 747 1063 523
777 1013 976 1052 trochaici
1005 1013 1221 1064 septenarii

410 1113 418 1130 ,
479 1093 560 1133 524
589 1081 643 1120 ad
673 1092 747 1132 532
780 1082 948 1121 iambici
978 1082 1124 1120 senarii

411 1181 419 1198 ‚
480 1161 557 1200 533
587 1151 641 1189 ad
672 1149 750 1199 536
781 1150 948 1188 iambici
981 1148 1178 1188 octonarii

413 1250 421 1267 ‚
481 1228 557 1270 537
587 1218 786 1258 iambicus
817 1218 1096 1270 quaternarius

396 1319 420 1336 .,
480 1288 556 1338 538
587 1288 638 1326 ad
670 1296 748 1337 574
777 1286 942 1325 iambici
972 1287 1116 1326 senarii

397 1387 421 1405 ,,
482 1366 557 1408 575
589 1355 641 1394 ad
672 1356 746 1406 581
778 1355 944 1394 iambici
975 1355 1192 1407 septenarii

394 1457 420 1473 ,‚
480 1427 555 1475 582
587 1424 639 1463 ad
670 1424 751 1475 604
779 1429 818 1463 et
849 1422 926 1462 606
958 1425 1126 1464 iambici
1156 1422 1354 1463 octonarii

410 1526 418 1541 ‚
478 1493 555 1543 605
586 1494 786 1532 iambicus
817 1493 1097 1544 quaternarius

410 1594 419 1610 ,
480 1562 557 1613 607
589 1567 629 1601 et
658 1561 736 1600 608
766 1561 963 1600 trochaici
994 1561 1192 1600 octonarii

412 1662 420 1677 ,
481 1631 560 1683 609
588 1630 817 1669 trochaicus
846 1630 1098 1681 septenarius

414 1731 423 1748 ,
482 1699 561 1737 610
591 1699 643 1737 ad
673 1698 751 1737 620
780 1698 944 1737 iambici
974 1697 1173 1737 octonarii

397 1799 421 1817 ‚‚
479 1768 554 1806 621
588 1768 639 1806 ad
669 1767 749 1819 624
777 1766 975 1806 trochaici
1006 1767 1221 1818 septenarii

398 1867 421 1886 ,,
483 1835 559 1885 625
591 1836 814 1888 dactylicus
842 1840 1077 1875 tetrameter
1106 1834 1353 1873 acatalectus

413 1937 421 1951 ‚
480 1904 558 1943 626
588 1905 640 1943 ad
669 1904 751 1955 634
779 1903 914 1944 cretici
948 1903 1171 1942 tetrametri
1201 1902 1413 1941 acatalecti

396 2006 422 2023 „
480 1973 557 2024 635
590 1974 843 2026 compositus
874 1986 922 2012 ex
952 1972 1112 2012 duabus
1141 1971 1361 2011 trochaicis
1391 1969 1581 2022 tripodiis
1611 1968 1858 2009 catalecticis

400 2074 426 2092 „
484 2043 561 2094 636
593 2043 789 2083 iambicus
817 2042 1090 2094 quaternarius

401 2144 424 2162 ,,
484 2115 561 2163 637
592 2113 761 2153 creticus
791 2116 1023 2151 tetrameter
1051 2109 1297 2151 acatalectus

418 2212 426 2229 ,
484 2180 561 2231 638
592 2181 792 2220 iambicus
822 2180 1073 2231 septenarius

413 2281 422 2297 ‚
481 2250 559 2300 639
590 2255 633 2289 et
662 2247 741 2299 640
770 2248 968 2287 trochaici
997 2247 1212 2300 septenarii

415 2350 424 2366 ,
485 2316 559 2368 641
594 2324 633 2356 et
663 2317 739 2368 642
772 2317 940 2356 iambici
970 2316 1168 2355 octonarii

403 2418 425 2435 „
487 2386 565 2436 643
595 2387 647 2424 ad
677 2386 755 2437 649
785 2386 981 2424 trochaici
1011 2384 1228 2436 septenarii

418 2486 426 2502 ,
484 2454 563 2504 650
594 2455 647 2494 ad
676 2454 756 2505 654
787 2453 952 2492 iambici
985 2451 1183 2492 octonarii

420 2554 427 2570 ‚
485 2523 560 2574 655
592 2524 643 2561 ad
673 2522 749 2561 662
782 2522 948 2561 iambici
978 2521 1123 2561 senarii

418 2619 427 2635 ‚
487 2588 564 2637 663
595 2594 635 2627 et
664 2588 744 2639 664
774 2588 941 2626 iambici
973 2585 1172 2626 octonarii

423 2687 431 2704 ,
489 2656 566 2707 665
598 2657 649 2695 ad
681 2657 754 2695 681
790 2656 956 2695 iambici
989 2655 1133 2694 senarii

419 2756 427 2771 ‚
488 2724 563 2762 682
596 2731 635 2763 et
666 2724 743 2774 683
775 2725 940 2763 iambici
973 2723 1172 2762 octonarii

423 2824 431 2840 ,
489 2793 568 2844 684
598 2793 649 2832 ad
682 2801 756 2843 715
789 2792 955 2830 iambici
985 2790 1199 2842 septenarii

420 2891 430 2907 ,
493 2860 568 2910 716
599 2861 650 2899 ad
682 2863 760 2911 819
791 2860 956 2899 iambici
987 2859 1133 2898 senarii
