1997 3094
255 458 501 506 METRA
537 457 749 505 HVIVS
787 459 1100 507 FABVLAE
1139 460 1326 509 HAEC
1366 462 1546 509 SVNT

233 627 324 668 Vcr.
350 639 367 666 1
391 628 443 668 ad
477 639 553 678 174
581 627 745 667 iambici
776 628 921 667 senarii

258 727 283 744 „
348 705 422 746 175
453 702 494 736 et
526 706 600 747 177
632 696 796 736 iambici
829 697 1029 736 octonarii

258 795 285 812 ‚‚
347 764 422 814 176
452 765 649 803 iambicus
679 765 957 816 quaternarius

261 863 289 881 „
349 834 424 882 178
455 838 493 871 et
526 842 601 884 179
633 833 830 872 trochaici
860 833 1075 885 septenarii

259 931 287 947 „
348 902 424 940 180
453 906 492 939 et
525 901 595 939 181
629 900 797 938 iambici
826 901 1023 940 octonarii

257 999 285 1017 ,‚
346 969 418 1008 182
450 965 677 1008 trochaicus
707 969 954 1020 septenarius

261 1067 287 1085 ‚,
349 1038 422 1088 183
453 1036 506 1075 ad
539 1047 611 1088 195
644 1036 811 1075 iambici
841 1039 1042 1076 octonarii

259 1136 286 1155 „
346 1104 421 1158 196
450 1106 503 1144 ad
538 1107 610 1157 198
643 1105 808 1145 iambici
837 1106 983 1145 senarii

262 1204 286 1223 ,,
347 1185 420 1227 199
450 1175 503 1213 ad
536 1186 614 1225 214
644 1173 811 1213 iambici
841 1175 1040 1213 octonarii

261 1274 290 1292 „
351 1255 425 1294 215
457 1244 509 1283 ad
542 1242 617 1281 226
647 1243 814 1282 iambici
843 1243 988 1283 senarii

262 1342 288 1360 ‚,
348 1321 423 1361 227
453 1311 650 1351 iambicus
680 1311 910 1351 octonarius

262 1411 289 1429 ‚‚
349 1381 424 1418 228
454 1380 507 1419 ad
538 1392 613 1430 233
645 1379 842 1419 trochaici
871 1380 1088 1432 septenarii

262 1481 289 1500 ,,
349 1461 425 1500 234
453 1449 506 1488 ad
538 1460 610 1501 239
641 1449 807 1488 iambici
837 1449 1036 1488 octonarii

262 1550 288 1569 ,,
348 1531 425 1570 240
452 1526 491 1558 ct
524 1531 601 1570 244
633 1517 801 1556 iambici
830 1519 1071 1569 quaternarii

262 1619 289 1637 ,,
350 1599 422 1639 241
454 1593 495 1627 et
528 1598 600 1638 242
636 1584 834 1625 trochaici
863 1586 1080 1638 septenarii

262 1687 288 1706 ,,
349 1668 424 1707 243
454 1655 650 1695 iambicus
680 1653 909 1694 octonarius

261 1755 287 1773 „
348 1720 422 1775 245
453 1731 491 1764 et
524 1731 598 1774 247
630 1720 827 1761 trochaici
857 1723 1058 1761 octonarii

260 1824 287 1842 ‚‚
350 1792 426 1844 246
456 1790 683 1831 trochaicus
718 1789 889 1829 dimeter
916 1792 1178 1832 catalecticus

263 1892 288 1909 ,,
350 1862 425 1910 248
455 1860 509 1899 ad
541 1872 613 1911 251
647 1858 841 1899 trochaici
870 1859 1088 1912 septenarii

260 1959 287 1978 ,,
348 1941 423 1979 252
456 1929 654 1968 iambicus
684 1929 963 1981 quaternarius

264 2029 289 2047 ,,
350 2009 426 2048 233
455 1998 509 2037 ad
542 2008 614 2047 255
649 1997 815 2037 iambici
844 1998 1043 2037 octonarii

262 2097 287 2115 ,,
349 2066 423 2116 256
452 2067 505 2105 ad
538 2065 614 2104 260
647 2065 844 2105 trochaici
874 2066 1089 2118 septenarii

263 2166 288 2183 2,
347 2133 421 2173 261
454 2135 507 2174 ad
538 2135 614 2186 269
646 2135 815 2174 iambici
845 2136 1044 2174 octonarii

260 2235 287 2251 ,,
347 2212 424 2254 270
454 2204 507 2243 ad
537 2203 613 2255 298
646 2202 813 2241 iambici
842 2204 987 2243 senarii

264 2303 288 2321 2,
349 2285 424 2324 299
450 2278 490 2311 et
522 2284 600 2322 300
628 2272 796 2310 iambici
825 2272 1041 2323 septenarii

260 2372 287 2388 „
348 2351 421 2390 301
453 2346 492 2379 et
524 2352 599 2391 305
630 2347 669 2380 et
701 2350 778 2392 307
807 2339 1003 2380 trochaici
1032 2341 1231 2380 octonarii

264 2440 286 2457 „
338 2420 422 2458 ,302
455 2415 495 2448 et
526 2408 602 2458 306
633 2415 673 2448 et
707 2410 783 2457 308
816 2408 1013 2448 trochaici
1042 2409 1259 2460 septenarii

262 2509 287 2525 ‚‚
349 2489 424 2528 303
454 2484 493 2517 et
524 2491 602 2528 304
633 2490 709 2529 309
741 2478 793 2516 ad
824 2489 900 2528 315
932 2477 1099 2516 iambici
1129 2476 1327 2517 octonarii

263 2577 289 2594 ,,
347 2546 424 2595 318
453 2534 651 2585 iambicus
680 2546 857 2585 senarius

264 2646 290 2664 2,
349 2626 426 2666 319
457 2614 509 2653 ad
539 2614 614 2664 383
644 2615 837 2655 trochaici
866 2613 1080 2665 septenarii

264 2715 287 2734 ι,
348 2685 426 2735 384
455 2684 508 2723 ad
539 2695 615 2735 393
645 2683 812 2723 iambici
841 2682 985 2721 senarii

265 2784 289 2801 7,
349 2765 427 2804 394
456 2752 508 2790 ad
537 2763 617 2802 403
648 2751 815 2791 iambici
845 2750 1043 2790 octonarii

266 2852 290 2869 ,,
348 2833 427 2872 404
458 2820 510 2858 ad
540 2819 620 2870 480
648 2818 814 2858 iambici
843 2817 989 2859 senarii
